
%%%%%%%%%%%%%%%%%%%%%%%%%%%%%%%%%%%%%%%%%%%%%%%%%%%%%%%%%%%%%

@article{klemp1978simulation,
  title={The simulation of three-dimensional convective storm dynamics},
  author={Klemp, Joseph B and Wilhelmson, Robert B},
  journal={Journal of the Atmospheric Sciences},
  volume={35},
  number={6},
  pages={1070--1096},
  year={1978}
}

